% This file was created with JabRef 2.8.1.
% Encoding: Cp1252


@ARTICLE{arnela2016,
	author = {Marc Arnela and Blandin Blandin and Dabbaghchian Dabbaghchian and Oriol Guasch and Francesc Alías and Xavier Pelorson and Arnaud Van Hirtum and Olof Engwall},
	title = {Numerical simulations of the self-oscillations of the vocal folds using the finite element method},
	journal = {The Journal of the Acoustical Society of America},
	volume = {139},
	number = {5},
	pages = {2852-2859},
	year = {2016}
}	

@article{arnela2016b,
	author = {Marc Arnela and Dabbaghchian Dabbaghchian and Blandin Blandin and Oriol Guasch and Olof Engwall and Arnaud Van Hirtum and Xavier Pelorson},
	title = {Effects of glottal opening on the phonation using a two-mass model coupled to a waveguide},
	journal = {The Journal of the Acoustical Society of America},
	volume = {140},
	number = {3},
	pages = {1707-1718},
	year = {2016}
}

@article{fant1981source,
	title={The source filter concept in voice production},
	author={Gunnar Fant},
	journal={STL-QPSR},
	volume={22},
	number={1},
	pages={021--037},
	year={1981},
	department={Dept. for Speech, Music and Hearing},
	url={https://doi.org/10.1080/14706881.1981.9693572}
}

@article{arnela2016c,
	title={Influence of lips on the production of vowels based on finite
	element simulations and experiments},
	author={Arnela, Marc and Blandin, Romain and Dabbaghchian, Saba and Guasch, Oriol and Alías, Francesc and Pelorson, Xavier and Van Hirtum, Annemie and Engwall, Olov},
	journal={The Journal of the Acoustical Society of America},
	volume={139},
	number={5},
	pages={2852--2859},
	year={2016},
	publisher={Acoustical Society of America},

}

@online{python_sounddevice,
	author = {SoundDevice Developers},
	title = {Python SoundDevice Documentation},
	year = {2024},
	url = {https://python-sounddevice.readthedocs.io/en/0.4.7/},
	note = {Accessed: 2024-05-09}
}

@BOOK{torres:2008,
  title = {Anatomía Funcional de la Voz},
  publisher = {Epistemus},
  year = {2008},
  author = {Begonya Torres Gallardo},
  chapter = {1}
}


@online{image_vowel_chart,
	author       = {Davius},
	title        = {First and second formant of Spanish vowels from Bradlow},
	year         = {2011},
	url          = {https://commons.wikimedia.org/wiki/File:Spanish_Vowel_Formants_Bradlow1995.png},
	accessdate   = {2024-08-30}
}

@misc{jones2021,
	title        = {Daniel Jones and 18 Basic Vowels},
	author       = {Daniel Jones},
	year         = {2021},
	note         = {Task Sheet: Linguistics D, October 24, 2021},
	url          = {https://example.com/yamagen/ling/ling-jones-single2021.pdf},
	howpublished = {PDF Document},
	accessdate   = {2024-08-30}
}

@misc{pyle-pds221,
	title        = {PDS 221 - Midrange/Tweeter Compression Horn Driver},
	author       = {Pyle USA},
	year         = {2024},
	url          = {https://pyleusa.com/products/pds221?variant=40212290535459},
	note         = {Accessed: 2024-08-28}
}
@misc{mcm-53-1211,
	title        = {53-1211 Tweeter},
	author       = {MCM Electronics},
	year         = {2024},
	url          = {https://MCM%20ELECTRONICS/MCM%20ELECTRONICS/53-1211?srsltid=AfmBOopTWkUyFe2MbfUng2pMXythf6Aox0evN0mnsYGT_W5QgUZ_ZHRk&redirect=true},
	note         = {Accessed: 2024-08-29}
}
@book{barjau2024,
	author       = {Ana Barjau},
	title        = {Acústica y Vibraciones},
	chapter      = {12},
	year         = {2020},
	note         = {Archivo PDF},
}

@misc{monacor-ku516,
	author       = {Monacor International},
	title        = {KU-516},
	year         = {2024},
	url          =  {https://www.monacor.com/products/pa-technology/speakers-/horn-speakers/low-impedance--/ku-516/},
	note         = {Accessed: 2024-08-28}
}
@misc{eminence-psd2002s,
	title     = {PSD 2002S},
	author    = {Eminence},
	url       = {https://eminence.com.mx/psd-2002s.html},
	note      = {Accessed: 2024-08-28}
}
@misc{atlas_pd5vh,
	title = {PD-5VH Compression Driver},
	author = {{Atlas Sound}},
	year = {2023},
	url = {https://www.atlasied.com/pd-5vh},
	note = {Accessed: 2024-08-28}
}